%% This BibTeX bibliography file was created using BibDesk.
%% http://bibdesk.sourceforge.net/


%% Created for Bj√∂rn Brandenburg at 2015-10-13 18:46:12 +0200 


%% Saved with string encoding Unicode (UTF-8) 



@inproceedings{Br:13,
	Author = {B. Brandenburg},
	Booktitle = {Proceedings of the 19th IEEE Real-Time and Embedded Technology and Applications Symposium (RTAS'13)},
	Pages = {141--152},
	Title = {Improved Analysis and Evaluation of Real-Time Semaphore Protocols for {P-FP} Scheduling},
	Year = {2013}}

@inproceedings{BA:08,
	Author = {B. Brandenburg and J. Anderson},
	Booktitle = {Proceedings of the 14th IEEE Real-Time and Embedded Technology and Applications Symposium},
	Pages = {185--194},
	Title = {An Implementation of the {PCP}, {SRP}, {D-PCP}, {M-PCP}, and {FMLP} Real-Time Synchronization Protocols in {LITMUS\textsuperscript{RM}}},
	Year = {2008}}

@inproceedings{BLBA:07,
	Author = {A. Block and H. Leontyev and B. Brandenburg and J. Anderson},
	Booktitle = {Proceedings of the 13th IEEE Conference on Embedded and Real-Time Computing Systems and Applications},
	Pages = {47--57},
	Title = {A Flexible Real-Time Locking Protocol for Multiprocessors},
	Year = {2007}}

@article{Ra:90,
	Author = {R. Rajkumar},
	Journal = {Proceedings of the 10th International Conference on Distributed Computing Systems},
	Pages = {116-123},
	Title = {Real-time synchronization protocols for shared memory multiprocessors},
	Year = {1990}}

@phdthesis{Lak:11,
	Author = {K. Lakshmanan},
	School = {Carnegie Mellon University},
	Title = {Scheduling and Synchronization for Multi-core Real-time Systems},
	Year = {2011}}

@techreport{Raj:suspension1991,
	Author = {R. Rajkumar},
	Institution = {IBM T. J. Watson Research Center},
	Title = {Dealing with Suspending Periodic Tasks},
	Year = {1991}}

@inproceedings{ecrts15nelissen,
	Author = {Nelissen, G. and Fonseca, J. and Raravi, G. and Nelis, V.},
	Booktitle = {Euromicro Conference on Real-Time Systems (ECRTS)},
	Title = {{Timing Analysis of Fixed Priority Self-Suspending Sporadic Tasks}},
	Year = {2015}}

@article{ABRTW:93,
	Author = {Audsley, N. and Burns, A. and Richardson, M. and Tindell, K. and Wellings, A.J.},
	Issn = {0268-6961},
	Journal = {Software Engineering Journal},
	Number = {5},
	Pages = {284--292},
	Title = {Applying new scheduling theory to static priority pre-emptive scheduling},
	Volume = {8},
	Year = {1993}}

@book{Raj:91,
	Author = {R. Rajkumar},
	Publisher = {Kluwer Academic Publishers},
	Title = {Synchronization In Real-Time Systems --- A Priority Inheritance Approach},
	Year = {1991}}

@inproceedings{LNR:09,
	Author = {K. Lakshmanan and D. Niz and R. Rajkumar},
	Booktitle = {Proceedings of the 30th IEEE Real-Time Systems Symposium},
	Pages = {469--478},
	Title = {Coordinated Task Scheduling, Allocation and Synchronization on Multiprocessors},
	Year = {2009}}
